<record><leader>00000cas a2200000 a 4500</leader><controlfield tag="001">13646071</controlfield><controlfield tag="008">860527d18951959okuwr ne      0    0eng d</controlfield><datafield ind1=" " ind2=" " tag="010"><subfield code="a">sn 86064131 </subfield></datafield><datafield ind1=" " ind2=" " tag="040"><subfield code="a">KSH</subfield><subfield code="b">eng</subfield><subfield code="c">KSH</subfield><subfield code="d">NPT</subfield><subfield code="d">ANU</subfield><subfield code="d">OBN</subfield><subfield code="d">OCL</subfield><subfield code="d">OCLCQ</subfield><subfield code="d">OCLCF</subfield><subfield code="d">OCLCO</subfield></datafield><datafield ind1="1" ind2=" " tag="029"><subfield code="a">AU@</subfield><subfield code="b">000022169740</subfield></datafield><datafield ind1=" " ind2=" " tag="042"><subfield code="a">msc</subfield></datafield><datafield ind1=" " ind2=" " tag="043"><subfield code="a">n-us-ok</subfield></datafield><datafield ind1="0" ind2="4" tag="245"><subfield code="a">The Vinita leader.</subfield></datafield><datafield ind1="3" ind2=" " tag="246"><subfield code="a">Vinita weekly leader</subfield></datafield><datafield ind1=" " ind2=" " tag="260"><subfield code="a">Vinita, Ind. Ter. [Okla.] :</subfield><subfield code="b">Leader Print. Co.</subfield></datafield><datafield ind1=" " ind2=" " tag="300"><subfield code="a">v.</subfield></datafield><datafield ind1=" " ind2=" " tag="310"><subfield code="a">Weekly</subfield></datafield><datafield ind1="0" ind2=" " tag="362"><subfield code="a">Vol. 1, no. 22 (Aug. 13, 1895)-v. 55, no. 109 (Nov. 5, 1959).</subfield></datafield><datafield ind1=" " ind2=" " tag="580"><subfield code="a">Daily ed.: Vinita daily journal, Jan. 9, 1919-Nov. 5, 1959.</subfield></datafield><datafield ind1=" " ind2="0" tag="650"><subfield code="a">Indians of North America</subfield><subfield code="z">Oklahoma</subfield><subfield code="v">Newspapers.</subfield></datafield><datafield ind1=" " ind2="4" tag="651"><subfield code="a">Vinita (Okla.)</subfield><subfield code="v">Newspapers.</subfield></datafield><datafield ind1=" " ind2="4" tag="651"><subfield code="a">Craig County (Okla.)</subfield><subfield code="v">Newspapers.</subfield></datafield><datafield ind1=" " ind2="7" tag="655"><subfield code="a">Newspapers.</subfield><subfield code="2">fast</subfield><subfield code="0">(OCoLC)fst01423814</subfield></datafield><datafield ind1=" " ind2="7" tag="650"><subfield code="a">Indians of North America.</subfield><subfield code="2">fast</subfield><subfield code="0">(OCoLC)fst00969633</subfield></datafield><datafield ind1=" " ind2="7" tag="651"><subfield code="a">Oklahoma.</subfield><subfield code="2">fast</subfield><subfield code="0">(OCoLC)fst01205031</subfield></datafield><datafield ind1=" " ind2=" " tag="752"><subfield code="a">United States</subfield><subfield code="b">Oklahoma</subfield><subfield code="c">Craig</subfield><subfield code="d">Vinita.</subfield></datafield><datafield ind1="0" ind2=" " tag="775"><subfield code="t">Vinita daily journal</subfield><subfield code="w">(DLC)sn 86064165</subfield><subfield code="w">(OCoLC)13676514</subfield></datafield><datafield ind1="0" ind2="0" tag="780"><subfield code="t">Cherokee champion</subfield><subfield code="w">(DLC)sn 93050701</subfield><subfield code="w">(OCoLC)29252391</subfield></datafield><datafield ind1="0" ind2="4" tag="780"><subfield code="t">Craig County democrat</subfield><subfield code="w">(DLC)sn 96093902</subfield><subfield code="w">(OCoLC)35265693</subfield></datafield><datafield ind1="0" ind2="4" tag="785"><subfield code="t">Weekly chieftain</subfield><subfield code="w">(DLC)sn 95052119</subfield><subfield code="w">(OCoLC)13622373</subfield></datafield><datafield ind1="0" ind2="4" tag="785"><subfield code="t">Vinita daily chieftain</subfield><subfield code="w">(DLC)sn 83025020</subfield><subfield code="w">(OCoLC)9216823</subfield></datafield></record>